@online{twrp,
    title = "TeamWin Projects - TWRP 2.8 - \textpipe TeamWin",
    url = {http://teamw.in/project/twrp2},
    urldate = {2014-01-10}
}

@online{xda,
    title = "XDA-Developers Android forums",
    url = {http://www.xda-developers.com/},
    urldate = {2014-01-10}
}

@online{kexec,
    title = "Using Kexec syscall on Android devices",
    url = {http://forum.xda-developers.com/showthread.php?t=1266827},
    urldate = {2014-01-10},
    author = "KASICK, Mike"
}

@online{androidboot,
    title = "Android boot process description",
    url = {http://www.androidenea.com/2009/06/android-boot-process-from-power-on.html},
    urldate = {2014-01-10}
}

@online{whatisrom,
    title = "Custom ROMs for Android explained",
    url = {http://www.androidpolice.com/2010/05/01/custom-roms-for-android-explained-and-why-you-want-them/},
    urldate = {2014-01-10},
    author = "RUSSAKOVSKII, Artem"
}